@article{RG1,
  author = {Gilbert, E. N.},
  journal = {Annals of Mathematical Statistics},
  number = 4,
  pages = {1141-1144},
  title = {Random Graphs},
  volume = 30,
  year = 1959
}

@article{RG,
  author = {Erd\"os, P and R\'enyi, A},
  journal = {Publicationes Mathematicae Debrecen},
  pages = {290--297},
  title = {On Random Graphs I},
  volume = 6,
  year = 1959
}

@article{BA,
  author = {Albert, Reka and Barabasi, Albert-Laszlo},
  journal = {Reviews of Modern Physics},
  number = 1,
  pages = {47 - 98},
  publisher = {APS},
  title = {Statistical mechanics of complex networks},
  volume = 74,
  year = 2002
}

@BOOK{nx,
title={NetworkX [{Э}лектронный ресурс]},
note={URL:~\url{https://networkx.org/} (Дата обращения 16.05.2023). Загл. с экр. Яз. англ.}
}

@BOOK{ptl,
title={matplotlib.pyplot [{Э}лектронный ресурс]},
note={URL:~\url{https://matplotlib.org/stable/api/_as_gen/matplotlib.pyplot.html} (Дата обращения 20.05.2023). Загл. с экр. Яз. англ.}
}

@book{habr, 
	place={Cambridge}, 
	edition={2}, 
	series={Cambridge Studies in Advanced Mathematics}, 
	title={Random Graphs}, 
	publisher={Cambridge University Press}, 
	author={Bollobas, Bela}, 
	year={2001}, 
	collection={Cambridge Studies in Advanced Mathematics}
}

@inproceedings{wico,
  title={Foundations of Data Science},
  author={Avrim Blum and John E. Hopcroft and Ravi Kannan},
  year={2020},
  url={https://api.semanticscholar.org/CorpusID:123439379}
}

@BOOK{NSB,
title={Network Science by Albert-Laszlo Barabasi [{Э}лектронный ресурс]},
note={URL:~\url{http://networksciencebook.com/chapter/4#advanced-a} (Дата обращения 20.04.2023). Загл. с экр. Яз. англ.}
}

@BOOK{rey1,
  author    = "А. М. Райгородский",
  title     = "Модели случайных графов и их применени",
  publisher = "Издательство МЦНМО",
  address   = "Москва, М.",
  year      = 2011
}

@article{rey2,
	author = {А. М. Райгородский},
	journal = {Труды МФТИ},
	number = 4,
	pages = {130 - 140},
	publisher = {Издательство МЦНМО},
	title = {Модели случайных графов},
	volume = 2,
	language = {russian},
	year = 2010
}

@BOOK{FODS,
  AUTHOR =       {Avrim Blum and John Hopcroft and Ravindran Kannan},
  TITLE =        {Foundations of Data Science},
  PUBLISHER =    { Cambridge University Press},
  address =      {Cambridge University},
  YEAR =         {2020},
  language =       {english}
}

@article{article,
  author = {М.М. Берновски and Н.Н. Кузюрин},
  	journal = {Труды Института системного программирования РАН.},
  	number = 4,
  	pages = {419 - 432},
  	publisher = {Издательство МЦНМО},
  	title = {Случайные графы, модели и генераторы безмасштабных графов. },
  	volume = 22,
  	language = {russian},
  	year =  2012
}

@article{mir,
  author = {Sidorov, S.P. and Mironov, S.V. and Grigoriev, A.A.},
  journal = {Appl Netw Sci},
  number = 6,
  pages = {47 - 51},
  publisher = {APS},
  title = {Friendship paradox in growth networks: analytical and empirical analysis},
  volume = 74,
  year = 2023
}

@article{fi,
  author = {Pal, Siddharth and Yu, Feng and Novick, Yitzchak and Swami, Ananthram and Bar-Noy, Amotz},
  year = {2019},
  month = {09},
  pages = {71 - 118},
  title = {A study on the friendship paradox quantitative analysis and relationship with assortative mixing},
  volume = {4},
  journal = {Applied Network Science}
}

@article{aw,
   title={Why Your Friends Have More Friends Than You Do},
   author={Scott L. Feld},
   journal={American Journal of Sociology},
   year={1991},
   volume={96},
   pages={1464 - 1477}
}

@BOOK{psych,
title={Пользователи социальных сетей: современные исследования [{Э}лектронный ресурс]},
note={URL:~\url{https://psychojournal.ru/article/887-polzovateli-socialnyh-setey-sovremennye-issledovaniya.html} (Дата обращения 10.03.2023). Загл. с экр. Яз. рус.}
}

@article{lj,
author = { Leskovec, Jure and  Kevin J. Lang and Anirban Dasgupta and Michael W. Mahoney },
title = {Community Structure in Large Networks: Natural Cluster Sizes and the Absence of Large Well-Defined Clusters},
journal = {Internet Mathematics},
volume = {6},
number = {1},
pages = {29-123},
year  = {2009},
publisher = {Taylor & Francis},
URL = {https://doi.org/10.1080/15427951.2009.10129177},
eprint = {https://doi.org/10.1080/15427951.2009.10129177}
}

@article{twit,
  author = {Mcauley, Jim and Leskovec, Jure},
  year = {2012},
  month = {01},
  pages = {539-547},
  title = {Learning to discover social circles in ego networks},
  volume = {1},
  journal = {NIPS}
}

@incollection{cit,
	author = {Leskovec, Jure and Kleinberg, Jon and Faloutsos, Christos},
	title = {Graphs over Time: Densification Laws, Shrinking Diameters and Possible Explanations},
	year = {2005},
	isbn = {159593135X},
	publisher = {Association for Computing Machinery},
	address = {New York, NY, USA},
	url = {https://doi.org/10.1145/1081870.1081893},
	booktitle = {Proceedings of the Eleventh ACM SIGKDD International Conference on Knowledge Discovery in Data Mining},
	pages = {177 - 187},
	numpages = {11},
	location = {Chicago, Illinois, USA},
	series = {KDD '05}
}

@incollection{reddit,
	author = {Kumar, Srijan and Hamilton, William L. and Leskovec, Jure and Jurafsky, Dan},
	title = {Community Interaction and Conflict on the Web},
	year = {2018},
	isbn = {9781450356398},
	publisher = {International World Wide Web Conferences Steering Committee},
	address = {Republic and Canton of Geneva, CHE},
	url = {https://doi.org/10.1145/3178876.3186141},
	booktitle = {Proceedings of the 2018 World Wide Web Conference},
	pages = {933 - 943},
	numpages = {11},
	location = {Lyon, France},
	series = {WWW '18}
	}

@article{au,
  author       = {Ashwin Paranjape and
                  Austin R. Benson and
                  Jure Leskovec},
  title        = {Motifs in Temporal Networks},
  journal      = {CoRR},
  volume       = {abs/1612.09259},
  year         = {2016},
  url          = {http://arxiv.org/abs/1612.09259},
  eprinttype    = {arXiv},
  eprint       = {1612.09259},
  timestamp    = {Mon, 13 Aug 2018 16:46:19 +0200},
  biburl       = {https://dblp.org/rec/journals/corr/ParanjapeBL16.bib},
  bibsource    = {dblp computer science bibliography, https://dblp.org}
}

@article{stdmsg,
	author = {Panzarasa, Pietro and Opsahl, Tore and Carley, Kathleen},
	year = {2009},
	month = {05},
	pages = {911-932},
	title = {Patterns and Dynamics of Users' Behavior and Interaction: Network Analysis of an Online Community},
	volume = {60},
	journal = {JASIST}
}

@book{ts,
	author = {David, Easley and Jon, Kleinberg},
	title = {Networks, Crowds, and Markets: Reasoning About a Highly Connected World},
	year = {2010},
	publisher = {Cambridge University Press},
	address = {USA}
}

@Article{oehlers2021graph,
  author={Milena Oehlers and Benjamin Fabian},
  title={{Graph Metrics for Network Robustness—A Survey}},
  journal={Mathematics},
  year=2021,
  volume={9},
  number={8},
  pages={1-48},
  month={April},
  url={https://ideas.repec.org/a/gam/jmathe/v9y2021i8p895-d538084.html}
}

@article{longa2022neighbourhood,
  title={Neighbourhood matching creates realistic surrogate temporal networks},
  author={Longa, Antonio and Cencetti, Giulia and Lehmann, Sune and Passerini, Andrea and Lepri, Bruno},
  journal={arXiv preprint arXiv:2205.08820},
  year={2022}
}

@article{alzheimer,
author = {Zhang, Hui and Chiu, Pui W. and Ip, Isaac and Liu, Tianyin and Wong, Gloria H.Y. and Song, You-Qiang and Wong, Savio W.H. and Herrup, Karl and Mak, Henry K.F.},
title = {Small-World Networks and Their Relationship With Hippocampal Glutamine/Glutamate Concentration in Healthy Adults With Varying Genetic Risk for Alzheimer's Disease},
journal = {Journal of Magnetic Resonance Imaging},
volume = {54},
number = {3},
pages = {952-961},
keywords = {apolipoprotein E ?4 allele, functional magnetic resonance imaging, small world network, magnetic resonance spectroscopy},
doi = {https://doi.org/10.1002/jmri.27632},
url = {https://onlinelibrary.wiley.com/doi/abs/10.1002/jmri.27632},
eprint = {https://onlinelibrary.wiley.com/doi/pdf/10.1002/jmri.27632},
year = {2021}
}

@Article{Sirocchi2022,
author={Sirocchi, Christel and Bogliolo, Alessandro},
title={Topological network features determine convergence rate of distributed average algorithms},
journal={Scientific Reports},
year={2022},
month={Dec},
day={17},
volume={12},
number={1},
pages={21831},
issn={2045-2322},
doi={10.1038/s41598-022-25974-w},
url={https://doi.org/10.1038/s41598-022-25974-w}
}

@inproceedings{bad_fi
author={A. Grigoriev (with S. Sidorov, S. Mironov)},
title={Limit Distributions of Friendship Index in Scale-Free Networks},
year=2023
}

@article{Morrison2022,
author={Morrison, D.
and Bedinger, M.
and Beevers, L.
and McClymont, K.},
title={Exploring the raison d'etre behind metric selection in network analysis: a systematic review},
journal={Applied Network Science},
year={2022},
month={Jul},
day={14},
volume={7},
number={1},
pages={50},
issn={2364-8228},
doi={10.1007/s41109-022-00476-w},
url={https://doi.org/10.1007/s41109-022-00476-w}
}

@article{listLarge
  author       = {Milena Oehlers and
                  Benjamin Fabian},
  title        = {Graph Metrics for Internet Robustness - {A} Survey},
  journal      = {CoRR},
  volume       = {abs/2103.05554},
  year         = {2021},
  url          = {https://arxiv.org/abs/2103.05554},
  eprinttype    = {arXiv},
  eprint       = {2103.05554},
  timestamp    = {Tue, 16 Mar 2021 11:26:59 +0100},
  biburl       = {https://dblp.org/rec/journals/corr/abs-2103-05554.bib},
  bibsource    = {dblp computer science bibliography, https://dblp.org}
}

@Article{Bento2019,
author={Bento, Jos{\'e}
and Ioannidis, Stratis},
title={A family of tractable graph metrics},
journal={Applied Network Science},
year={2019},
month={Nov},
day={15},
volume={4},
number={1},
pages={107},
issn={2364-8228},
doi={10.1007/s41109-019-0219-z},
url={https://doi.org/10.1007/s41109-019-0219-z}
}

@INPROCEEDINGS{visual,

  author={Cakmak, Eren and Fuchs, Johannes and J?ckle, Dominik and Schreck, Tobias and Brandes, Ulrik and Keim, Daniel},

  booktitle={2022 IEEE Visualization in Data Science (VDS)}, 

  title={Motif-Based Visual Analysis of Dynamic Networks}, 

  year={2022},

  volume={},

  number={},

  pages={17-26},

  doi={10.1109/VDS57266.2022.00007}}

@Article{Liu2024,
author={Liu, Bo
and Wang, Zhihan
and Zhang, Jidong
and Wu, Jiahui
and Qu, Guangzhi},
title={DeepSIM: a novel deep learning method for graph similarity computation},
journal={Soft Computing},
year={2024},
month={Jan},
day={01},
volume={28},
number={1},
pages={61-76},
issn={1433-7479},
doi={10.1007/s00500-023-09288-1},
url={https://doi.org/10.1007/s00500-023-09288-1}
}

@Article{Meghanathan2021,
author={Meghanathan, Natarajan},
title={Neighborhood-based bridge node centrality tuple for complex network analysis},
journal={Applied Network Science},
year={2021},
month={Jun},
day={30},
volume={6},
number={1},
pages={47},
issn={2364-8228},
doi={10.1007/s41109-021-00388-1},
url={https://doi.org/10.1007/s41109-021-00388-1}
}

@Article{Meghanathan2017,
author={Meghanathan, Natarajan},
title={A computationally lightweight and localized centrality metric in lieu of betweenness centrality for complex network analysis},
journal={Vietnam Journal of Computer Science},
year={2017},
month={Feb},
day={01},
volume={4},
number={1},
pages={23-38},
issn={2196-8896},
doi={10.1007/s40595-016-0073-1},
url={https://doi.org/10.1007/s40595-016-0073-1}
}

@Article{ANNR,
      title={Average nearest neighbor degrees in scale-free networks}, 
      author={Dong Yao and Pim van der Hoorn and Nelly Litvak},
      year={2017},
      url={https://arxiv.org/abs/1704.05707}, 
}

@article{config,
   title={Covariance Structure Behind Breaking of Ensemble Equivalence in Random Graphs},
   volume={173},
   number={3–4},
   journal={Journal of Statistical Physics},
   publisher={Springer Science and Business Media LLC},
   author={Garlaschelli, Diego and den Hollander, Frank and Roccaverde, Andrea},
   year={2018},
   pages={644–662} }

@article{lagrange,
   title={Statistical mechanics of networks},
   volume={70},
   number={6},
   journal={Physical Review E},
   publisher={American Physical Society (APS)},
   author={Park, Juyong and Newman, M. E. J.},
   year={2004}}
